@inproceedings{mihalcea2004textrank,
  title = {TextRank: Bringing Order into Texts},
  author = {Mihalcea, Rada and Tarau, Paul},
  booktitle = {Proceedings of the 2004 Conference on Empirical Methods in Natural Language Processing (EMNLP)},
  year = {2004},
  address = {Barcelona, Spain},
  publisher = {Association for Computational Linguistics},
  pages = {404--411},
  organization = {University of North Texas},
  url = {https://aclanthology.org/W04-3252/}
}
@misc{gutenberg,
  author = {{Project Gutenberg}},
  title = {Project Gutenberg: Free eBooks},
  howpublished = {\url{https://www.gutenberg.org}},
  year = {2025},
  note = {Accessed: 2025-01-04}
}
@inproceedings{lin2004rouge,
  author = {Chin-Yew Lin},
  title = {ROUGE: A Package for Automatic Evaluation of Summaries},
  booktitle = {Proceedings of the Workshop on Text Summarization Branches Out},
  year = {2004},
  pages = {74--81},
  address = {Barcelona, Spain}
}
